101 12105726278678678672504291031D094101ROZA BANK USA          WALL MART                WF    
5220WALL MART       BLUEBIRD            7867867867PPDTransfer  1808062504291191121057261424780
6223110796941300001006       1716982886102895545215300BILALM JONESNYLA      AB0121057261716982
822000000100311079690000000000000017169828867867867867                        0121057261424780
9000001000001000000010031107969000000000000001716982886                                       
9999999999999999999999999999999999999999999999999999999999999999999999999999999999999999999999
9999999999999999999999999999999999999999999999999999999999999999999999999999999999999999999999
9999999999999999999999999999999999999999999999999999999999999999999999999999999999999999999999
9999999999999999999999999999999999999999999999999999999999999999999999999999999999999999999999
9999999999999999999999999999999999999999999999999999999999999999999999999999999999999999999999