101 121057262 1120000112504291322B094101DHBK US                OTHR BANK              WF      
5220FLIPKART LTD US INDIAN ECOMMERCE INC7867867867PPDTransfer  1808062504291191311079690978010
6221210572629876543210       1895133078100033211314022FLIPKART NY RETAILER  AB0121057261895133
822000000100311079690000000000000018951330787867867867                        0311079690978010
9000001000001000000010031107969000000000000001895133078                                       
9999999999999999999999999999999999999999999999999999999999999999999999999999999999999999999999
9999999999999999999999999999999999999999999999999999999999999999999999999999999999999999999999
9999999999999999999999999999999999999999999999999999999999999999999999999999999999999999999999
9999999999999999999999999999999999999999999999999999999999999999999999999999999999999999999999
9999999999999999999999999999999999999999999999999999999999999999999999999999999999999999999999